




%%% General references %%%

@book{CLEAN_CODE,
	title  = {Clean Code: A Handbook of Agile Software Craftsmanship},
	author = {Robert C. Martin},
	year   = {2008}
}

@book{ROBERT_AGILE_SOFTWARE_DEVELOPMENT,
	title  = {Agile Software Development, Principles, Patterns, and Practices},
	author = {Robert C. Martin},
	year   = {2013}
}

@article{UML,
	title = {OMG Unified Modeling Language TM (OMG UML), Version 2.5
},
	author = {Object Management Group},
	year = {2015},
	note = "\url{http://www.omg.org/spec/UML/2.5/}"
}

@article{Machinerichtlijn,
	title = {Machinerichtlijn 2006/42/EG},
	author = {Europees Parlement en de Raad van de EU},
	year = {2006},
	note =  "\url{http://eur-lex.europa.eu/legal-content/NL/TXT/PDF/?uri=CELEX:32006L0042&from=EN}"
}
